%% This BibTeX bibliography file was created using BibDesk.
%% http://bibdesk.sourceforge.net/


%% Created for Alaina Ross at 2017-04-03 03:13:01 -0400 


%% Saved with string encoding Unicode (UTF-8) 



@article{mercury,
	Author = {G. M. Clemence},
	Date-Added = {2017-04-03 07:12:31 +0000},
	Date-Modified = {2017-04-03 07:13:00 +0000},
	Journal = {Rev. Mod. Phys.},
	Pages = {361},
	Title = {The Relativity Effect in Planetary Motions},
	Volume = {19},
	Year = {1947}}

@electronic{horizon,
	Author = {NASA},
	Date-Added = {2017-04-03 07:05:19 +0000},
	Date-Modified = {2017-04-03 07:08:40 +0000},
	Title = {HORIZON}}

@article{omp,
	Author = {Anirban Pal and Abhishek Agarwala and Soumyendu Raha and Baidurya Bhattacharya},
	Date-Added = {2017-04-03 07:03:52 +0000},
	Date-Modified = {2017-04-03 07:05:02 +0000},
	Journal = {Journal of Parallel and Distributed Computing},
	Pages = {2203--2214},
	Title = {Performance metrics in a hybrid MPI--OpenMP based molecular dynamics simulation with short-range interactions},
	Volume = {74},
	Year = {2014}}

@url{RK,
	Author = {WolframMathWorld},
	Date-Added = {2017-04-03 07:00:04 +0000},
	Date-Modified = {2017-04-03 07:03:37 +0000},
	Title = {Runge-Kutta Method},
	Urldate = {http://mathworld.wolfram.com/Runge-KuttaMethod.html}}
